<collection xmlns="http://www.loc.gov/MARC21/slim">
<record>
  <leader>02463nam0a22003971i 450 </leader>
  <controlfield tag="001">IT\ICCU\CNCE\027637</controlfield>
  <controlfield tag="005">20060422000000.0</controlfield>
  <datafield tag="012" ind1=" " ind2=" ">
    <subfield code="a">e.um e,49 i.e- fomo (C) 1581 (R)</subfield>
    <subfield code="2">fei</subfield>
  </datafield>
  <datafield tag="100" ind1=" " ind2=" ">
    <subfield code="a">19971030d1581        0itac0103    ba</subfield>
  </datafield>
  <datafield tag="101" ind1=" " ind2=" ">
    <subfield code="a">LAT</subfield>
  </datafield>
  <datafield tag="102" ind1=" " ind2=" ">
    <subfield code="a">IT</subfield>
  </datafield>
  <datafield tag="200" ind1="1" ind2=" ">
    <subfield code="a">Supplementum in secundum librum compendii medicinae Ioannis Mesues medici celeberrimi. Tum Petri Apponi patauini, tum Francisci de Pedemontium medicorum illustrium. Quibus accessere, &amp; alia consueta opuscula, quae tibi versa pagina indicat. Nunc demum post alia quam diligentissime recognitum, et in margine locorum insignium annotationibus quam plurimis decoratum: Ac Galeni, Hippocratis, et aliorum insignium doctorum auctoritatibus appositis in studiosorum emolumentum denuo illustratum</subfield>
  </datafield>
  <datafield tag="210" ind1=" " ind2=" ">
    <subfield code="a">Venetiis</subfield>
    <subfield code="c">apud Iuntas</subfield>
    <subfield code="d">1581</subfield>
  </datafield>
  <datafield tag="215" ind1=" " ind2=" ">
    <subfield code="a">\6!, 277, \13! c.</subfield>
    <subfield code="d">fol</subfield>
  </datafield>
  <datafield tag="300" ind1=" " ind2=" ">
    <subfield code="a">Eliminata perch ̈ ̈la pt. 2 della CNC27626</subfield>
  </datafield>
  <datafield tag="620" ind1=" " ind2=" ">
    <subfield code="a">IT</subfield>
    <subfield code="d">Venezia</subfield>
  </datafield>
  <datafield tag="700" ind1=" " ind2="0">
    <subfield code="a">Mesue</subfield>
    <subfield code="c"> &lt;ca. 777-857&gt;</subfield>
    <subfield code="3">IT\ICCU\CNCA\008177</subfield>
  </datafield>
  <datafield tag="702" ind1=" " ind2="0">
    <subfield code="a">Francesco</subfield>
    <subfield code="c"> : di#Piedimonte</subfield>
    <subfield code="3">IT\ICCU\CNCA\012223</subfield>
  </datafield>
  <datafield tag="702" ind1=" " ind2="0">
    <subfield code="a">Pietro</subfield>
    <subfield code="c"> : d&apos;#Abano</subfield>
    <subfield code="3">IT\ICCU\CNCA\004476</subfield>
  </datafield>
  <datafield tag="712" ind1="0" ind2="0">
    <subfield code="a">Giunta, Lucantonio</subfield>
    <subfield code="c"> &lt;2.&gt;</subfield>
    <subfield code="3">IT\ICCU\CNCT\000089</subfield>
    <subfield code="4">650</subfield>
  </datafield>
  <datafield tag="790" ind1=" " ind2="1">
    <subfield code="a">Ibn Masawaih,</subfield>
    <subfield code="b">Yahya</subfield>
    <subfield code="3">IT\ICCU\CNCA\008780</subfield>
    <subfield code="z">Mesue &lt;ca. 777-857&gt;</subfield>
  </datafield>
  <datafield tag="790" ind1=" " ind2="1">
    <subfield code="a">Ibn Masawaih,</subfield>
    <subfield code="b">Abu Zakariya Yuhanna</subfield>
    <subfield code="3">IT\ICCU\CNCA\021234</subfield>
    <subfield code="z">Mesue &lt;ca. 777-857&gt;</subfield>
  </datafield>
  <datafield tag="790" ind1=" " ind2="1">
    <subfield code="a">Ibn Masawaih,</subfield>
    <subfield code="b">Yuhanna</subfield>
    <subfield code="3">IT\ICCU\CNCA\021235</subfield>
    <subfield code="z">Mesue &lt;ca. 777-857&gt;</subfield>
  </datafield>
  <datafield tag="790" ind1=" " ind2="0">
    <subfield code="a">Mesue</subfield>
    <subfield code="c"> &lt;il vecchio&gt;</subfield>
    <subfield code="3">IT\ICCU\CNCA\029797</subfield>
    <subfield code="z">Mesue &lt;ca. 777-857&gt;</subfield>
  </datafield>
  <datafield tag="790" ind1=" " ind2="0">
    <subfield code="a">Franciscus</subfield>
    <subfield code="c"> : de#Pedemontium</subfield>
    <subfield code="3">IT\ICCU\CNCA\022818</subfield>
    <subfield code="z">Francesco : di#Piedimonte</subfield>
  </datafield>
  <datafield tag="790" ind1=" " ind2="0">
    <subfield code="a">Petrus</subfield>
    <subfield code="c"> : Paduanensis</subfield>
    <subfield code="3">IT\ICCU\CNCA\004857</subfield>
    <subfield code="z">Pietro : d&apos;#Abano</subfield>
  </datafield>
  <datafield tag="790" ind1=" " ind2="1">
    <subfield code="a">Abano,</subfield>
    <subfield code="b">Pietro : d&apos;</subfield>
    <subfield code="3">IT\ICCU\CNCA\007521</subfield>
    <subfield code="z">Pietro : d&apos;#Abano</subfield>
  </datafield>
  <datafield tag="790" ind1=" " ind2="0">
    <subfield code="a">Petrus</subfield>
    <subfield code="c"> : Aponensis</subfield>
    <subfield code="3">IT\ICCU\CNCA\008767</subfield>
    <subfield code="z">Pietro : d&apos;#Abano</subfield>
  </datafield>
  <datafield tag="790" ind1=" " ind2="0">
    <subfield code="a">Petrus</subfield>
    <subfield code="c"> : de#Apono</subfield>
    <subfield code="3">IT\ICCU\CNCA\014800</subfield>
    <subfield code="z">Pietro : d&apos;#Abano</subfield>
  </datafield>
  <datafield tag="790" ind1=" " ind2="0">
    <subfield code="a">Petrus</subfield>
    <subfield code="c"> : de#Abano</subfield>
    <subfield code="3">IT\ICCU\CNCA\022641</subfield>
    <subfield code="z">Pietro : d&apos;#Abano</subfield>
  </datafield>
  <datafield tag="790" ind1=" " ind2="0">
    <subfield code="a">Petrus</subfield>
    <subfield code="c"> : Apponus</subfield>
    <subfield code="3">IT\ICCU\CNCA\022642</subfield>
    <subfield code="z">Pietro : d&apos;#Abano</subfield>
  </datafield>
  <datafield tag="791" ind1="0" ind2="0">
    <subfield code="a">Iunta, Lucas Antonius</subfield>
    <subfield code="c"> &lt;2.&gt;</subfield>
    <subfield code="3">IT\ICCU\CNCT\003893</subfield>
    <subfield code="z">Giunta, Lucantonio &lt;2.&gt;</subfield>
  </datafield>
  <datafield tag="791" ind1="0" ind2="0">
    <subfield code="a">Giunti, Lucantonio</subfield>
    <subfield code="c"> &lt;2.&gt;</subfield>
    <subfield code="3">IT\ICCU\CNCT\004932</subfield>
    <subfield code="z">Giunta, Lucantonio &lt;2.&gt;</subfield>
  </datafield>
  <datafield tag="801" ind1=" " ind2="3">
    <subfield code="a">IT</subfield>
    <subfield code="b">ICCU</subfield>
    <subfield code="c">20201114</subfield>
  </datafield>
  <datafield tag="899" ind1=" " ind2=" ">
    <subfield code="a">Biblioteca medica - IRCCS AOU San Martino/IST. Genova</subfield>
    <subfield code="1">GE0037</subfield>
    <subfield code="2">ZGE 20</subfield>
  </datafield>
  <datafield tag="899" ind1=" " ind2=" ">
    <subfield code="a">Biblioteca centrale dell&apos;Area umanistica dell&apos;Universit ̉degli studi di Urbino. Urbino</subfield>
    <subfield code="1">PU0206</subfield>
    <subfield code="2">URB AU</subfield>
  </datafield>
</record>
</collection>
